@BOOK{advancedquantcpp,
	author = {A. Pena},
	title = {Advanced Quantative Finance With C++},
	year = {2014},
	publisher = {Packt Publishing}
}

@BOOK{fooledbyrandomness,
	author = {Nicholas Nasim Taleb},
	title = {Fooled By Randomness},
	year = {2005},
	publisher = {Penguin}
}

@BOOK{montecarlofineng,
	author = {P. Glasserman},
	title = {[FURTHER READING] Monte Carlo Methods in Financial Engineering},
	year = {2003},
	publisher = {Springer}
}
@BOOK{mathsoffinderivs,
	author = {P. Wilmot, S. Howison, J. Dewynne},
	title = {[FURTHER READING] The Mathematics of Financial Derivatives: A Student Introduction},
	year = {1995},
	publisher = {Cambridge University Press}
}
